@article{Tubman_ECG,
  title = {Beyond the Born-Oppenheimer approximation with quantum Monte Carlo methods},
  author = {Tubman, Norm M. and Kyl\"anp\"a\"a, Ilkka and Hammes-Schiffer, Sharon and Ceperley, David M.},
  journal = {Phys. Rev. A},
  volume = {90},
  issue = {4},
  pages = {042507},
  numpages = {5},
  year = {2014},
  month = {Oct},
  publisher = {American Physical Society},
  doi = {10.1103/PhysRevA.90.042507},
  url = {http://link.aps.org/doi/10.1103/PhysRevA.90.042507}
}


%NEO
@article{Sharon_NEO,
Author = {Sirjoosingh, Andrew and Pak, Michael V. and Hammes-Schiffer, Sharon},
Title = {{Derivation of an Electron-Proton Correlation Functional for
   Multicomponent Density Functional Theory within the Nuclear-Electronic
   Orbital Approach}},
Journal = {{JOURNAL OF CHEMICAL THEORY AND COMPUTATION}},
Year = {{2011}},
Volume = {{7}},
Number = {{9}},
Pages = {{2689-2693}},
Month = {{SEP}},
DOI = {{10.1021/ct200473r}},
ISSN = {{1549-9618}},
ResearcherID-Numbers = {{Hammes-Schiffer, Sharon/B-7325-2013}},
Unique-ID = {{ISI:000294790400005}},
}

@article{Sharon_NEO1,
Author = {Ko, Chaehyuk and Pak, Michael V. and Swalina, Chet and Hammes-Schiffer,
   Sharon},
Title = {{Alternative wavefunction ansatz for including explicit electron-proton
   correlation in the nuclear-electronic orbital approach}},
Journal = {{JOURNAL OF CHEMICAL PHYSICS}},
Year = {{2011}},
Volume = {{135}},
Number = {{5}},
Month = {{AUG 7}},
DOI = {{10.1063/1.3611054}},
Article-Number = {{054106}},
ISSN = {{0021-9606}},
ResearcherID-Numbers = {{Hammes-Schiffer, Sharon/B-7325-2013}},
Unique-ID = {{ISI:000293617500008}},
}

% Linear Optimization Method
@article{Nightingale_Linear,
Author = {Nightingale, MP and Melik-Alaverdian, V},
Title = {{Optimization of ground- and excited-state wave functions and van der
   Waals clusters}},
Journal = {{PHYSICAL REVIEW LETTERS}},
Year = {{2001}},
Volume = {{87}},
Number = {{4}},
Month = {{JUL 23}},
DOI = {{10.1103/PhysRevLett.87.043401}},
Article-Number = {{043401}},
ISSN = {{0031-9007}},
Unique-ID = {{ISI:000170060700013}},
}

@article{Umrigar_Linear,
  title = {Energy and Variance Optimization of Many-Body Wave Functions},
  author = {Umrigar, C. and Filippi, Claudia},
  journal = {Phys. Rev. Lett.},
  volume = {94},
  issue = {15},
  pages = {150201},
  numpages = {4},
  year = {2005},
  month = {Apr},
  publisher = {American Physical Society},
  doi = {10.1103/PhysRevLett.94.150201},
  url = {http://link.aps.org/doi/10.1103/PhysRevLett.94.150201}
}

@article{Umrigar_Alleviation,
Author = {Umrigar, C. J. and Toulouse, Julien and Filippi, Claudia and Sorella, S.
   and Hennig, R. G.},
Title = {{Alleviation of the fermion-sign problem by optimization of many-body
   wave functions}},
Journal = {{PHYSICAL REVIEW LETTERS}},
Year = {{2007}},
Volume = {{98}},
Number = {{11}},
Month = {{MAR 16}},
DOI = {{10.1103/PhysRevLett.98.110201}},
Article-Number = {{110201}},
ISSN = {{0031-9007}},
ResearcherID-Numbers = {{Toulouse, Julien/A-1376-2010
   Hennig, Richard/A-2978-2008}},
ORCID-Numbers = {{Hennig, Richard/0000-0003-4933-7686}},
Unique-ID = {{ISI:000244959300001}},
}

%  Benchmark papers
@article{Clark_Bench,
   author = "Clark, Bryan K. and Morales, Miguel A. and McMinis, Jeremy and Kim, Jeongnim and Scuseria, Gustavo E.",
   title = "Computing the energy of a water molecule using multideterminants: A simple, efficient algorithm",
   journal = "The Journal of Chemical Physics",
   year = "2011",
   volume = "135",
   number = "24", 
   eid = 244105,
   pages = "-",
   url = "http://scitation.aip.org/content/aip/journal/jcp/135/24/10.1063/1.3665391",
   doi = "http://dx.doi.org/10.1063/1.3665391" 
}
@article{Brown_Bench,
Author = {Brown, M. D. and Trail, J. R. and Rios, P. Lopez and Needs, R. J.},
Title = {{Energies of the first row atoms from quantum Monte Carlo}},
Journal = {{JOURNAL OF CHEMICAL PHYSICS}},
Year = {{2007}},
Volume = {{126}},
Number = {{22}},
Month = {{JUN 14}},
DOI = {{10.1063/1.2743972}},
Article-Number = {{224110}},
ISSN = {{0021-9606}},
ResearcherID-Numbers = {{Cavendish, TCM/C-9489-2009
   Trail, John/D-8732-2013
   Needs, Richard/C-2931-2013
   Lopez Rios, Pablo/E-7791-2012}},
Unique-ID = {{ISI:000247247400012}},
}
@article{Toulouse_Bench,
Author = {Toulouse, Julien and Umrigar, C. J.},
Title = {{Full optimization of Jastrow-Slater wave functions with application to
   the first-row atoms and homonuclear diatomic molecules}},
Journal = {{JOURNAL OF CHEMICAL PHYSICS}},
Year = {{2008}},
Volume = {{128}},
Number = {{17}},
Month = {{MAY 7}},
DOI = {{10.1063/1.2908237}},
Article-Number = {{174101}},
ISSN = {{0021-9606}},
ResearcherID-Numbers = {{Toulouse, Julien/A-1376-2010}},
Unique-ID = {{ISI:000256232400003}},
}
@article{Seth_Bench,
Author = {Seth, P. and Rios, P. Lopez and Needs, R. J.},
Title = {{Quantum Monte Carlo study of the first-row atoms and ions}},
Journal = {{JOURNAL OF CHEMICAL PHYSICS}},
Year = {{2011}},
Volume = {{134}},
Number = {{8}},
Month = {{FEB 28}},
DOI = {{10.1063/1.3554625}},
Article-Number = {{084105}},
ISSN = {{0021-9606}},
ResearcherID-Numbers = {{Needs, Richard/C-2931-2013
   Lopez Rios, Pablo/E-7791-2012}},
Unique-ID = {{ISI:000287811300008}},
}
@article{Stanke_Li,
  title = {Accuracy limits on the description of the lowest $S$ excitation in the Li atom using explicitly correlated Gaussian basis functions},
  author = {Stanke, Monika and Komasa, Jacek and K\ifmmode \mbox{\c{e}}\else \c{e}\fi{}dziera, Dariusz and Bubin, Sergiy and Adamowicz, Ludwik},
  journal = {Phys. Rev. A},
  volume = {78},
  issue = {5},
  pages = {052507},
  numpages = {8},
  year = {2008},
  month = {Nov},
  publisher = {American Physical Society},
  doi = {10.1103/PhysRevA.78.052507},
  url = {http://link.aps.org/doi/10.1103/PhysRevA.78.052507}
}
@article{Stanke_Be,
  title = {Five lowest $^{1}S$ states of the Be atom calculated with a finite-nuclear-mass approach and with relativistic and QED corrections},
  author = {Stanke, Monika and Komasa, Jacek and Bubin, Sergiy and Adamowicz, Ludwik},
  journal = {Phys. Rev. A},
  volume = {80},
  issue = {2},
  pages = {022514},
  numpages = {6},
  year = {2009},
  month = {Aug},
  publisher = {American Physical Society},
  doi = {10.1103/PhysRevA.80.022514},
  url = {http://link.aps.org/doi/10.1103/PhysRevA.80.022514}
}
@article{Bubin_B,
  title = {Correlated-Gaussian calculations of the ground and low-lying excited states of the boron atom},
  author = {Bubin, Sergiy and Adamowicz, Ludwik},
  journal = {Phys. Rev. A},
  volume = {83},
  issue = {2},
  pages = {022505},
  numpages = {5},
  year = {2011},
  month = {Feb},
  publisher = {American Physical Society},
  doi = {10.1103/PhysRevA.83.022505},
  url = {http://link.aps.org/doi/10.1103/PhysRevA.83.022505}
}

@article{Bubin_LiH_noBO,
Author = {Bubin, S and Adamowicz, L and Molski, M},
Title = {{An accurate non-Born-Oppenheimer calculation of the first purely
   vibrational transition in LiH molecule}},
Journal = {{JOURNAL OF CHEMICAL PHYSICS}},
Year = {{2005}},
Volume = {{123}},
Number = {{13}},
Month = {{OCT 1}},
DOI = {{10.1063/1.2047487}},
Article-Number = {{134310}},
ISSN = {{0021-9606}},
ResearcherID-Numbers = {{Bubin, Sergiy/M-2410-2013}},
ORCID-Numbers = {{Bubin, Sergiy/0000-0002-2783-078X}},
Unique-ID = {{ISI:000232442500025}},
}
@article{Bubin_BeH_noBO,
Author = {Bubin, Sergiy and Adamowicz, Ludwik},
Title = {{Calculations of the ground states of BeH and BeH+ without the
   Born-Oppenheimer approximation}},
Journal = {{JOURNAL OF CHEMICAL PHYSICS}},
Year = {{2007}},
Volume = {{126}},
Number = {{21}},
Month = {{JUN 7}},
DOI = {{10.1063/1.2736699}},
Article-Number = {{214305}},
ISSN = {{0021-9606}},
ResearcherID-Numbers = {{Bubin, Sergiy/M-2410-2013}},
ORCID-Numbers = {{Bubin, Sergiy/0000-0002-2783-078X}},
Unique-ID = {{ISI:000247106600015}},
}
@article{Bubin_BH_noBO,
Author = {Bubin, Sergiy and Stanke, Monika and Adamowicz, Ludwik},
Title = {{Non-Born-Oppenheimer calculations of the BH molecule}},
Journal = {{JOURNAL OF CHEMICAL PHYSICS}},
Year = {{2009}},
Volume = {{131}},
Number = {{4}},
Month = {{JUL 28}},
DOI = {{10.1063/1.3195061}},
Article-Number = {{044128}},
ISSN = {{0021-9606}},
ResearcherID-Numbers = {{Bubin, Sergiy/M-2410-2013
   Stanke, Monika/G-8980-2014}},
ORCID-Numbers = {{Bubin, Sergiy/0000-0002-2783-078X
   }},
Unique-ID = {{ISI:000268613700029}},
}

@article{Adamowicz_LiH,
   author = "Tung, Wei-Cheng and Pavanello, Michele and Adamowicz, Ludwik",
   title = "Very accurate potential energy curve of the LiH molecule",
   journal = "The Journal of Chemical Physics",
   year = "2011",
   volume = "134",
   number = "6", 
   eid = 064117,
   pages = "-",
   url = "http://scitation.aip.org/content/aip/journal/jcp/134/6/10.1063/1.3554211",
   doi = "http://dx.doi.org/10.1063/1.3554211" 
}

@article{Koput_BeH,
   author = "Koput, Jacek",
   title = "Ab initio ground-state potential energy functions of beryllium monohydride ions: BeH+ and BeH−",
   journal = "The Journal of Chemical Physics",
   year = "2013",
   volume = "139",
   number = "10", 
   eid = 104309,
   pages = "-",
   url = "http://scitation.aip.org/content/aip/journal/jcp/139/10/10.1063/1.4820403",
   doi = "http://dx.doi.org/10.1063/1.4820403" 
}

@article{Miliordos_BH,
   author = "Miliordos, Evangelos and Mavridis, Aristides",
   title = "Ab initio investigation of the electronic structure and bonding of BH, BH−, and HBBH molecules",
   journal = "The Journal of Chemical Physics",
   year = "2008",
   volume = "128",
   number = "14", 
   eid = 144308,
   pages = "-",
   url = "http://scitation.aip.org/content/aip/journal/jcp/128/14/10.1063/1.2902284",
   doi = "http://dx.doi.org/10.1063/1.2902284" 
}

% Quantum Chemistry
@article{BSE,
Author = {Schuchardt, Karen L. and Didier, Brett T. and Elsethagen, Todd and Sun,
   Lisong and Gurumoorthi, Vidhya and Chase, Jared and Li, Jun and Windus,
   Theresa L.},
Title = {{Basis set exchange: A community database for computational sciences}},
Journal = {{JOURNAL OF CHEMICAL INFORMATION AND MODELING}},
Year = {{2007}},
Volume = {{47}},
Number = {{3}},
Pages = {{1045-1052}},
Month = {{MAY-JUN}},
DOI = {{10.1021/ci600510j}},
ISSN = {{1549-9596}},
ResearcherID-Numbers = {{Li, Jun/E-5334-2011}},
ORCID-Numbers = {{Li, Jun/0000-0002-8456-3980}},
Unique-ID = {{ISI:000246776400039}},
}

@article{BSE1,
Author = {Feller, D},
Title = {{The role of databases in support of computational chemistry calculations}},
Journal = {{JOURNAL OF COMPUTATIONAL CHEMISTRY}},
Year = {{1996}},
Volume = {{17}},
Number = {{13}},
Pages = {{1571-1586}},
Month = {{OCT}},
DOI = {{10.1002/jcc.9}},
ISSN = {{0192-8651}},
Unique-ID = {{ISI:A1996VH59400009}},
}

@ARTICLE{Chaban_MCSCF,
author={Chaban, G. and Schmidt, M.W. and Gordon, M.S.},
title={Approximate second order method for orbital optimization of SCF and MCSCF wavefunctions},
journal={Theoretical Chemistry Accounts},
year={1997},
volume={97},
number={1-4},
pages={88-95},
note={cited By 46},
url={http://www.scopus.com/inward/record.url?eid=2-s2.0-0031285817&partnerID=40&md5=e4a489f42a71cc286d31d63cf07fa630},
document_type={Article},
source={Scopus},
}

@article{Mitroy_ECG,
Author = {Mitroy, Jim and Bubin, Sergiy and Horiuchi, Wataru and Suzuki, Yasuyuki
   and Adamowicz, Ludwik and Cencek, Wojciech and Szalewicz, Krzysztof and
   Komasa, Jacek and Blume, D. and Varga, Kalman},
Title = {{Theory and application of explicitly correlated Gaussians}},
Journal = {{REVIEWS OF MODERN PHYSICS}},
Year = {{2013}},
Volume = {{85}},
Number = {{2}},
Pages = {{693-749}},
Month = {{MAY 6}},
DOI = {{10.1103/RevModPhys.85.693}},
ISSN = {{0034-6861}},
ResearcherID-Numbers = {{Komasa, Jacek/K-8585-2012
   Bubin, Sergiy/M-2410-2013
   Mitroy, James/N-2162-2013}},
ORCID-Numbers = {{Komasa, Jacek/0000-0002-9876-1304
   Bubin, Sergiy/0000-0002-2783-078X
   Mitroy, James/0000-0002-2477-1251}},
Unique-ID = {{ISI:000318479300001}},
}

@article{Feller_Corrections,
Author = {Feller, David and Peterson, Kirk A. and Dixon, David A.},
Title = {{A survey of factors contributing to accurate theoretical predictions of
   atomization energies and molecular structures}},
Journal = {{JOURNAL OF CHEMICAL PHYSICS}},
Year = {{2008}},
Volume = {{129}},
Number = {{20}},
Month = {{NOV 28}},
DOI = {{10.1063/1.3008061}},
Article-Number = {{204105}},
ISSN = {{0021-9606}},
Unique-ID = {{ISI:000262607100008}},
}

%  Review
@article{McMahon_Review,
  title = {The properties of hydrogen and helium under extreme conditions},
  author = {McMahon, Jeffrey and Morales, Miguel and Pierleoni, Carlo and Ceperley, David},
  journal = {Rev. Mod. Phys.},
  volume = {84},
  issue = {4},
  pages = {1607--1653},
  numpages = {47},
  year = {2012},
  month = {Nov},
  publisher = {American Physical Society},
  doi = {10.1103/RevModPhys.84.1607},
  url = {http://link.aps.org/doi/10.1103/RevModPhys.84.1607}
}


% Software Packages
@article {GAMESS,
author = {Schmidt, Michael W. and Baldridge, Kim K. and Boatz, Jerry A. and Elbert, Steven T. and Gordon, Mark S. and Jensen, Jan H. and Koseki, Shiro and Matsunaga, Nikita and Nguyen, Kiet A. and Su, Shujun and Windus, Theresa L. and Dupuis, Michel and Montgomery, John A.},
title = {General atomic and molecular electronic structure system},
journal = {Journal of Computational Chemistry},
volume = {14},
number = {11},
publisher = {John Wiley & Sons, Inc.},
issn = {1096-987X},
url = {http://dx.doi.org/10.1002/jcc.540141112},
doi = {10.1002/jcc.540141112},
pages = {1347--1363},
year = {1993},
}
@Misc{QMCPACK,
title = {www.qmcpack.org},
author = {QMCPACK},
}
@Misc{CCCBDB,
title = {NIST Computational Chemistry Comparison and Benchmark Database, NIST Standard Reference Database Number 101, Release 16a, August 2013. Editor: Russell D. Johnson III, http://cccbdb.nist.gov/}
}

% Classics
@article {BO,
author = {Born, M. and Oppenheimer, R.},
title = {Zur Quantentheorie der Molekeln},
journal = {Annalen der Physik},
volume = {389},
number = {20},
publisher = {WILEY-VCH Verlag},
issn = {1521-3889},
url = {http://dx.doi.org/10.1002/andp.19273892002},
doi = {10.1002/andp.19273892002},
pages = {457--484},
year = {1927},
}

@Book{Szabo,
author = {Attila Szabo and Neil S. Ostlund},
title = {Modern Quantum Chemistry},
publisher = {McGraw-Hill, Inc.},
year = {1989}
}

@article {Kato,
author = {Kato, Tosio},
title = {On the eigenfunctions of many-particle systems in quantum mechanics},
journal = {Communications on Pure and Applied Mathematics},
volume = {10},
number = {2},
publisher = {Wiley Subscription Services, Inc., A Wiley Company},
issn = {1097-0312},
url = {http://dx.doi.org/10.1002/cpa.3160100201},
doi = {10.1002/cpa.3160100201},
pages = {151--177},
year = {1957},
}


